<record><leader>00000cas a2200000 i 4500</leader><controlfield tag="001">11052784</controlfield><controlfield tag="008">840814d18711917inuwr ne      0    0eng c</controlfield><datafield ind1=" " ind2=" " tag="010"><subfield code="a">sn 84027377 </subfield></datafield><datafield ind1=" " ind2=" " tag="040"><subfield code="a">NPU</subfield><subfield code="b">eng</subfield><subfield code="e">rda</subfield><subfield code="c">NPU</subfield><subfield code="d">NPI</subfield><subfield code="d">LNP</subfield><subfield code="d">OCLCQ</subfield><subfield code="d">IUL</subfield><subfield code="d">OCLCF</subfield></datafield><datafield ind1=" " ind2=" " tag="042"><subfield code="a">pcc</subfield></datafield><datafield ind1=" " ind2=" " tag="043"><subfield code="a">n-us-in</subfield></datafield><datafield ind1="0" ind2=" " tag="130"><subfield code="a">Fort Wayne weekly sentinel (Fort Wayne, Ind. : 1871)</subfield></datafield><datafield ind1="1" ind2="0" tag="245"><subfield code="a">Fort Wayne weekly sentinel.</subfield></datafield><datafield ind1="1" ind2=" " tag="246"><subfield code="i">Issues for Dec. 17, 1902-Sept. 30, 1903 have title:</subfield><subfield code="a">Weekly sentinel</subfield></datafield><datafield ind1="1" ind2=" " tag="246"><subfield code="i">Some issues have running title:</subfield><subfield code="a">Fort Wayne sentinel</subfield></datafield><datafield ind1="1" ind2=" " tag="246"><subfield code="i">Some issues have title:</subfield><subfield code="a">Fort Wayne sentinel weekly.</subfield></datafield><datafield ind1=" " ind2="1" tag="264"><subfield code="a">Fort Wayne, Ind. :</subfield><subfield code="b">R.D. Dumm</subfield></datafield><datafield ind1=" " ind2=" " tag="300"><subfield code="a">volumes</subfield></datafield><datafield ind1=" " ind2=" " tag="310"><subfield code="a">Weekly</subfield></datafield><datafield ind1=" " ind2=" " tag="336"><subfield code="a">text</subfield><subfield code="b">txt</subfield><subfield code="2">rdacontent</subfield></datafield><datafield ind1=" " ind2=" " tag="337"><subfield code="a">unmediated</subfield><subfield code="b">n</subfield><subfield code="2">rdamedia</subfield></datafield><datafield ind1=" " ind2=" " tag="338"><subfield code="a">volume</subfield><subfield code="b">nc</subfield><subfield code="2">rdacarrier</subfield></datafield><datafield ind1="1" ind2=" " tag="362"><subfield code="a">Began in Jan. 1871? Ceased in 1917.</subfield></datafield><datafield ind1=" " ind2=" " tag="500"><subfield code="a">"Fort Wayne" above title ornament, &lt;1881-1886&gt;.</subfield></datafield><datafield ind1=" " ind2=" " tag="500"><subfield code="a">Published by: E.A.K. Hackett, &lt;Apr. 28, 1886&gt;.</subfield></datafield><datafield ind1=" " ind2=" " tag="580"><subfield code="a">Daily ed. called: Fort Wayne daily sentinel, 1871-1879; Fort Wayne sentinel, 1879-1880; Fort Wayne daily sentinel, 1880-1884; Fort Wayne sentinel, 1884-1917.</subfield></datafield><datafield ind1=" " ind2=" " tag="588"><subfield code="a">Description based on: Vol. 38, no. 2 (February 1, 1871); title from masthead, U.S. Nespaper Archive (viewed April 18, 2017).</subfield></datafield><datafield ind1=" " ind2=" " tag="588"><subfield code="a">Latest issue consulted: Vol. LXXXIV, no. 26 (December 26, 1917); U.S. Newspaper Archive (viewed April 13, 2017).</subfield></datafield><datafield ind1=" " ind2="0" tag="651"><subfield code="a">Fort Wayne (Ind.)</subfield><subfield code="v">Newspapers.</subfield></datafield><datafield ind1=" " ind2="0" tag="651"><subfield code="a">Allen County (Ind.)</subfield><subfield code="v">Newspapers.</subfield></datafield><datafield ind1=" " ind2="7" tag="655"><subfield code="a">Newspapers.</subfield><subfield code="2">fast</subfield><subfield code="0">(OCoLC)fst01423814</subfield></datafield><datafield ind1=" " ind2="7" tag="651"><subfield code="a">Indiana</subfield><subfield code="z">Allen County.</subfield><subfield code="2">fast</subfield><subfield code="0">(OCoLC)fst01207514</subfield></datafield><datafield ind1=" " ind2="7" tag="651"><subfield code="a">Indiana</subfield><subfield code="z">Fort Wayne.</subfield><subfield code="2">fast</subfield><subfield code="0">(OCoLC)fst01204891</subfield></datafield><datafield ind1=" " ind2=" " tag="752"><subfield code="a">United States</subfield><subfield code="b">Indiana</subfield><subfield code="c">Allen</subfield><subfield code="d">Fort Wayne.</subfield></datafield><datafield ind1="1" ind2=" " tag="775"><subfield code="t">Fort Wayne daily sentinel (Fort Wayne, Ind. : 1871)</subfield><subfield code="w">(DLC)sn 84027375</subfield><subfield code="w">(OCoLC)11053017</subfield></datafield><datafield ind1="1" ind2=" " tag="775"><subfield code="t">Fort Wayne daily sentinel (Fort Wayne, Ind. : 1880)</subfield><subfield code="w">(DLC)sn 87055996</subfield><subfield code="w">(OCoLC)15672880</subfield></datafield><datafield ind1="1" ind2=" " tag="775"><subfield code="t">Fort Wayne sentinel (Fort Wayne, Ind. : Daily : 1879)</subfield><subfield code="w">(DLC)sn 87055997</subfield><subfield code="w">(OCoLC)15670004</subfield></datafield><datafield ind1="1" ind2=" " tag="775"><subfield code="t">Fort Wayne sentinel (Fort Wayne, Ind. : Daily : 1884)</subfield><subfield code="x">2572-2344</subfield><subfield code="w">(DLC)sn 87055966</subfield><subfield code="w">(OCoLC)15672946</subfield></datafield><datafield ind1="0" ind2="0" tag="780"><subfield code="t">Fort Wayne weekly democrat</subfield><subfield code="w">(DLC)sn 87055972</subfield><subfield code="w">(OCoLC)15615676</subfield></datafield><datafield ind1="4" ind2="1" tag="856"><subfield code="u">https://access.newspaperarchive.com/us/indiana/fort-wayne/fort-wayne-weekly-sentinel/</subfield></datafield><datafield ind1="4" ind2="1" tag="856"><subfield code="u">https://access.newspaperarchive.com/us/indiana/fort-wayne/fort-wayne-gazette/</subfield></datafield><datafield ind1="4" ind2="1" tag="856"><subfield code="u">https://access.newspaperarchive.com/us/indiana/fort-wayne/sentinel-fort-wayne-weekly/</subfield></datafield><datafield ind1="4" ind2="1" tag="856"><subfield code="u">https://access.newspaperarchive.com/us/indiana/fort-wayne/weekly-fort-wayne-sentinel/</subfield></datafield></record>